@Article{main_paper,
  author        = "Patricia S. Abril and Robert Plant",
  title         = "Robust Principal Component Analysis on Graphs",
  month         = "April",
  year          = "2015",
  url           = "http://arxiv.org/abs/1504.06151",
  note          = "",
}

@Article{rpca_paper,
  author        = "Emmanuel J. Cand√®s, Xiaodong Li, Yi Ma and John Wright",
  title         = "Robust Principal Component Analysis?",
  month         = "December",
  year          = "2009",
  url           = "http://arxiv.org/abs/0912.3599",
  note          = "",
}